<?xml version="1.0" encoding="utf-8"?>
<record xmlns="http://www.loc.gov/MARC21/slim" xmlns:xsi="http://www.w3.org/2001/XMLSchema-instance" xsi:schemaLocation="http://www.loc.gov/MARC21/slim http://www.loc.gov/standards/marcxml/schema/MARC21slim.xsd">
	<leader>     nam a22        4500</leader>
	<controlfield tag="001">501401</controlfield>
	<controlfield tag="003">NjP</controlfield>
	<controlfield tag="006">m        d        </controlfield>
	<controlfield tag="007">cr cn |||m|||a</controlfield>
	<controlfield tag="008">161222s1988    ir h    ob    001 0 per  </controlfield>
	<datafield ind1=" " ind2=" " tag="040">
		<subfield code="a">NNU</subfield>
		<subfield code="b">eng</subfield>
		<subfield code="e">rda</subfield>
		<subfield code="c">NNU</subfield>
	</datafield>
	<datafield ind1="0" ind2="0" tag="050">
		<subfield code="a">BP128.17</subfield>
		<subfield code="b">.A57 1988</subfield>
	</datafield>
	<datafield ind1="1" ind2=" " tag="100">
		<subfield code="6">880-01</subfield>
		<subfield code="a">ʻAskarī, al-Ḥasan ibn ʻAlī,</subfield>
		<subfield code="d">-874.</subfield>
	</datafield>
	<datafield ind1="1" ind2="3" tag="245">
		<subfield code="6">880-02</subfield>
		<subfield code="a">al-Tafsīr :</subfield>
		<subfield code="b">al-mansūb ilá al-Imām Abī Muḥammad al-Ḥasan ibn ʻAlī al-ʻAskarī /</subfield>
		<subfield code="c">taḥqīq wa-nashr Madrasat al-Imām al-Mahdī.</subfield>
	</datafield>
	<datafield ind1="1" ind2="8" tag="246">
		<subfield code="6">880-03</subfield>
		<subfield code="a">Tafsīr al-mansūb ilá al-Imām al-ʻAskarī </subfield>
	</datafield>
	<datafield ind1=" " ind2=" " tag="250">
		<subfield code="6">880-04</subfield>
		<subfield code="a">al-Ṭabʻah 1., al-muḥaqqaqah.</subfield>
	</datafield>
	<datafield ind1=" " ind2=" " tag="260">
		<subfield code="6">880-05</subfield>
		<subfield code="a">Qumm :</subfield>
		<subfield code="b">Muʼassasat al-Imām al-Mahdī,</subfield>
		<subfield code="c">1409 [1988]</subfield>
	</datafield>
	<datafield ind1=" " ind2=" " tag="300">
		<subfield code="a">online resource (736 pages) :</subfield>
		<subfield code="b">facsimiles</subfield>
	</datafield>
	<datafield ind1=" " ind2=" " tag="336">
		<subfield code="a">text</subfield>
		<subfield code="2">rdacontent</subfield>
	</datafield>
	<datafield ind1=" " ind2=" " tag="337">
		<subfield code="a">computer</subfield>
		<subfield code="2">rdamedia</subfield>
	</datafield>
	<datafield ind1=" " ind2=" " tag="338">
		<subfield code="a">online resource</subfield>
		<subfield code="2">rdacarrier</subfield>
	</datafield>
	<datafield ind1=" " ind2=" " tag="500">
		<subfield code="a">Part of the Arabic Collections Online (ACO) project, contributed by Princeton University Libraries.</subfield>
	</datafield>
	<datafield ind1=" " ind2=" " tag="504">
		<subfield code="a">Includes bibliographical references and index.</subfield>
	</datafield>
	<datafield ind1=" " ind2=" " tag="533">
		<subfield code="a">Electronic reproduction.</subfield>
		<subfield code="b">New York, N.Y. :</subfield>
		<subfield code="c">New York University,</subfield>
		<subfield code="d">2016.</subfield>
		<subfield code="5">NNU</subfield>
	</datafield>
	<datafield ind1="0" ind2="0" tag="630">
		<subfield code="a">Qurʼan.</subfield>
		<subfield code="p">Sūrat al-Baqarah</subfield>
		<subfield code="x">Commentaries</subfield>
		<subfield code="v">Early works to 1800.</subfield>
	</datafield>
	<datafield ind1="0" ind2="0" tag="630">
		<subfield code="a">Qurʼan.</subfield>
		<subfield code="p">Sūrat al-Fātiḥah</subfield>
		<subfield code="x">Commentaries</subfield>
		<subfield code="v">Early works to 1800.</subfield>
	</datafield>
	<datafield ind1="2" ind2=" " tag="710">
		<subfield code="6">880-06</subfield>
		<subfield code="a">Muʼassasah-ʼi al-Imām al-Mahdī.</subfield>
	</datafield>
	<datafield ind1="2" ind2=" " tag="710">
		<subfield code="a">Princeton University.</subfield>
		<subfield code="b">Library.</subfield>
	</datafield>
	<datafield ind1="0" ind2=" " tag="730">
		<subfield code="a">Arabic Collections Online.</subfield>
	</datafield>
	<datafield ind1="0" ind2=" " tag="740">
		<subfield code="6">880-07</subfield>
		<subfield code="a">Tafsīr al-ʻAskarī </subfield>
	</datafield>
	<datafield ind1="0" ind2="8" tag="776">
		<subfield code="i">Online version:</subfield>
		<subfield code="a">ʻAskarī, al-Ḥasan ibn ʻAlī, -874.</subfield>
		<subfield code="t">Tafsīr.</subfield>
		<subfield code="b">al-Ṭabʻah 1., al-muḥaqqaqah.</subfield>
		<subfield code="d">Qumm : Muʼassasat al-Imām al-Mahdī, 1409 [1988]</subfield>
		<subfield code="w">(OCoLC)645375236</subfield>
	</datafield>
	<datafield ind1="0" ind2="8" tag="776">
		<subfield code="i">Print version:</subfield>
		<subfield code="a">ʻAskarī, al-Ḥasan ibn ʻAlī, -874.</subfield>
		<subfield code="t">al-Tafsīr</subfield>
		<subfield code="w">(NjP)501401</subfield>
		<subfield code="w">(DLC)  89933366 </subfield>
		<subfield code="w">(OCoLC)33298543</subfield>
	</datafield>
	<datafield ind1="4" ind2="0" tag="856">
		<subfield code="u">http://hdl.handle.net/2333.1/v15dv8gf</subfield>
	</datafield>
	<datafield ind1="1" ind2=" " tag="880">
		<subfield code="6">100-01</subfield>
		<subfield code="a">‏عسكري، الحسن بن علي،‏</subfield>
		<subfield code="d">-874.</subfield>
	</datafield>
	<datafield ind1="1" ind2="2" tag="880">
		<subfield code="6">245-02</subfield>
		<subfield code="a">‏التفسير، المنسوب الى الامام أبي محمد الحسن بن علي العسكري /‏</subfield>
		<subfield code="c">‏تحقيق ونشر مدرسة الامام المهدي.</subfield>
	</datafield>
	<datafield ind1="1" ind2="8" tag="880">
		<subfield code="6">246-03</subfield>
		<subfield code="a">‏تفسير المنسوب الى الامام العسكري</subfield>
	</datafield>
	<datafield ind1=" " ind2=" " tag="880">
		<subfield code="6">250-04</subfield>
		<subfield code="a">‏الطبعة 1.، المحققة.</subfield>
	</datafield>
	<datafield ind1=" " ind2=" " tag="880">
		<subfield code="6">260-05</subfield>
		<subfield code="a">‏قم :‏</subfield>
		<subfield code="b">‏مؤسسة الامام المهدي،‏</subfield>
		<subfield code="c">‏‪[1988] 1409.</subfield>
	</datafield>
	<datafield ind1="2" ind2=" " tag="880">
		<subfield code="6">710-06</subfield>
		<subfield code="a">‏مؤسسۀ الامام المهدى.</subfield>
	</datafield>
	<datafield ind1="0" ind2=" " tag="880">
		<subfield code="6">740-07</subfield>
		<subfield code="a">‏تفسير العسكري.</subfield>
	</datafield>
	<datafield ind1=" " ind2=" " tag="959">
		<subfield code="a">NNU</subfield>
		<subfield code="b">WEB</subfield>
		<subfield code="c">GENI</subfield>
		<subfield code="t">0</subfield>
		<subfield code="m">Electronic access</subfield>
		<subfield code="s">01</subfield>
	</datafield>
	<datafield ind1=" " ind2=" " tag="999">
		<subfield code="i">NjP_501401</subfield>
		<subfield code="o">(OCoLC)ocm33298543</subfield>
		<subfield code="s">princeton_aco000787</subfield>
		<subfield code="e">(ERROR-880)</subfield>
		<subfield code="s">princeton_aco000787</subfield>
	</datafield>
</record>
